%% This BibTeX bibliography file was created using BibDesk.
%% http://bibdesk.sourceforge.net/


%% Created for F. Javier Pay√°n Somet at 2012-07-24 11:56:46 -0400 


%% Saved with string encoding Unicode (UTF-8) 



@webpage{koma,
	Author = {Markus Kohm},
	Date-Added = {2012-07-24 15:53:27 +0000},
	Date-Modified = {2012-07-24 15:56:46 +0000},
	Month = {May},
	Title = {A bundle of versatile classes and packages},
	Url = {http://www.ctan.org/pkg/koma-script/},
	Urldate = {http://www.ctan.org/pkg/koma-script/},
	Year = {2012}}
	

@book{vaswani2023attention,
      title={Attention Is All You Need}, 
      author={Ashish Vaswani and Noam Shazeer and Niki Parmar and Jakob Uszkoreit and Llion Jones and Aidan N. Gomez and Lukasz Kaiser and Illia Polosukhin},
      year={2023},
      eprint={1706.03762},
      archivePrefix={arXiv},
      primaryClass={id='cs.CL' full_name='Computation and Language' is_active=True alt_name='cmp-lg' in_archive='cs' is_general=False description='Covers natural language processing. Roughly includes material in ACM Subject Class I.2.7. Note that work on artificial languages (programming languages, logics, formal systems) that does not explicitly address natural-language issues broadly construed (natural-language processing, computational linguistics, speech, text retrieval, etc.) is not appropriate for this area.'}
}

